% The Biblography

% Articles
@article{referncingVirtues,
  title={The virtues of correct citation: careful referencing is important but is often neglected/even in peer reviewed articles},
  author={Mertens, Stephan and Baethge, Christopher},
  journal={Deutsches {\"A}rzteblatt International},
  volume={108},
  number={33},
  pages={550},
  year={2011},
  doi={10.3238/arztebl.2011.0550},
  publisher={Deutscher Arzte-Verlag GmbH}
}

@article{colourScienceMisuse,
  title={The misuse of colour in science communication},
  author={Crameri, Fabio and Shephard, Grace E and Heron, Philip J},
  journal={Nature communications},
  volume={11},
  number={1},
  pages={5444},
  year={2020},
  publisher={Nature Publishing Group UK London}
}

@mastersthesis{BenThesis,
author = {Durante, Benjamin Joseph},
pages = {1--128},
school = {University of Calgary]},
title = {Flying and Handling Qualities of Small-Scale Supersonic Uncrewed Aerial Vehicles},
note = {{Avaliable: \url{https://dx.doi.org/10.11575/PRISM/40789}}},
type = {{[Master's} Thesis},
year = {2023}
}

@mastersthesis{ShaunThesis,
author = {Gair, Shaun Robert},
pages = {1--122},
school = {University of Calgary]},
title = {Manufacture, Refinement and Low-Speed Flight Testing of a Small-Scale, High-Speed Uncrewed Aerial Vehicle},
note = {{Avaliable: \url{https://dx.doi.org/10.11575/PRISM/41705}}},
type = {{[Master's} Thesis},
year = {2023}
}


% Writing References

@misc{writingUofC,
  author       = {{Student Success Centre}},
  title        = {Writing Support},
  year         = {2023},
howpublished = {Retrieved from: \url{https://www.ucalgary.ca/student-services/student-success/writing-support}},
publisher={University of Calgary},
  organization = {University of Calgary}
}

@misc{writingCoursesUofC,
  author       = {{University of Calgary}},
  title        = {Academic Writing ACWR},
  year         = {2023},
howpublished = {Retrieved from: \url{https://www.ucalgary.ca/pubs/calendar/current/academic-writing.html}},
publisher={University of Calgary},
  organization = {University of Calgary}
}

@misc{writingAIAA,
  author       = {{AIAA}},
  title        = {Journal Author},
  year         = {2023},
howpublished = {Retrieved from: \url{https://www.aiaa.org/publications/journals/Journal-Author#prepare-your-manuscript}},
publisher={AIAA},
  organization = {AIAA}
}

@misc{writingThesisUofC,
  author       = {{Faculty of Graduate Studies}},
  title        = {Writing Support},
  year         = {2023},
howpublished = {Retrieved from: \url{https://grad.ucalgary.ca/current-students/thesis-based-students/thesis/building-thesis}},
publisher={University of Calgary},
  organization = {University of Calgary}
}